@misc{Keras,
  title = {Simple MNIST convnet},
  howpublished = {\url{https://keras.io/examples/vision/mnist_convnet/}},
  note = {Accessed: 2021-06-15}
}

@misc{Kaggle,
  title = {Fashion Product Images (small)},
  howpublished = {\url{https://www.kaggle.com/paramaggarwal/fashion-product-images-small}},
  note = {Accessed: 2021-06-12}
}

@misc{github,
  url = {https://github.com/chengxi600/FashionImageClassifier},
}
